@article{chia2023,
    author = {H.J. Chia and S.P. Tai and J.J. Cui and C.T. Wang},
    title = {Ultra High Density Low Temperature SoIC with Sub-0.5 Î¼m Bond Pitch},
    journal = {IEEE 73rd Conference},
    year = {2023}
}

@inproceedings{chang2024,
    author = {K.J. Chang},
    title = {PANEL: EDA Challenges at Advanced Technology Nodes},
    booktitle = {Proceedings of the 2024 International Symposium on EDA},
    year = {2024}
}

@article{durfee2023,
    author = {C. Durfee and I. Otto and S. Kal and S. Pancharatnam},
    title = {Epi Source/Drain Damage Mitigation with Inner Spacer and Buffer Optimization in Stacked Nanosheet Gate-All-Around Transistors},
    journal = {Conference on Solid-State Circuits},
    year = {2023}
}

@book{nathan2023,
    author = {A. Nathan and S.K. Saha and R.M. Todi},
    title = {75th Anniversary of the Transistor},
    year = {2023},
    publisher = {Springer}
}
